@MASTERSTHESIS{Walter2006a,
  author = {Gero Walter},
  year = 2006,
  title = {{Robuste Bayes-Regression mit Mengen von Prioris --- Ein Beitrag zur Statistik unter komplexer Unsicherheit}},
  school = {LMU Munich},
  url = {http://www.stat.uni-muenchen.de/~thomas/team/diplomathesis_GeroWalter.pdf}
}

@INPROCEEDINGS{Walter2007a,
  author = {Gero Walter and Thomas Augustin and Annette Peters},
  editor = {Gert de Cooman and Ji\v{r}ina Vejnarov\'{a} and Marco Zaffalon},
  year = 2007,
  title = {Linear Regression Analysis under Sets of Conjugate Priors},
  booktitle = {ISIPTA'07, Proceedings of the Fifth International Symposium on
              Imprecise Probabilities: Theories and Applications},
  pages = {445--455},
  publisher = {SIPTA},
  url = {http://www.sipta.org/isipta07/proceedings/041.html},
  note = {\url{http://www.sipta.org/isipta07/proceedings/041.html}},
}

@misc{Walter2007b,
    Author = {Gero Walter},
    Title = {The Normal Regression Model as a {LUCK}-model},
    Howpublished = {Discussion Paper. \url{http://www.stat.uni-muenchen.de/~thomas/team/isipta07_proof.pdf}},
    Year = {2007}
}

@misc{Walter2007c,
    Author = {Gero Walter},
    Title = {Sketch of an Alternative Approach to Linear Regression Analysis under Sets of Conjugate Priors},
    Howpublished = {Discussion Paper. \url{http://www.statistik.lmu.de/~thomas/team/isipta07_conjugate_prior.pdf}},
    Year = {2007}
}

@article{Walter2009a,
    Author = {Gero Walter and Thomas Augustin},
    Title = {Imprecision and Prior-data Conflict in Generalized {B}ayesian Inference},
    Journal = {Journal of Statistical Theory and Practice},
    Pages = {255--271},
    Volume = {3},
    Year = {2009},
    note = {Reprinted as book chapter in Pauline Coolen-Schrijner, Frank P.A. Coolen, Matthias C.M. Troffaes, Thomas Augustin, and Sat Gupta, editors, \emph{{Imprecision in Statistical Theory and Practice}}, Grace Scientific Publishing, 2009 },
    issn = {1559-8616},
}

@article{Walter2009a-short,
    Author = {Gero Walter and Thomas Augustin},
    Title = {Imprecision and Prior-data Conflict in Generalized {B}ayesian Inference},
    Journal = {Journal of Statistical Theory and Practice},
    Pages = {255--271},
    Volume = {3},
    Year = {2009},
}

@TECHREPORT{Walter2009b,
  author = {Gero Walter and Thomas Augustin},
  year = 2009,
  title = {{B}ayesian linear regression --- different conjugate models and their (in)sensitivity to prior-data conflict},
  number = 69,
  institution = {Department of Statistics, LMU Munich},
  url = {http://epub.ub.uni-muenchen.de/11050/1/tr069.pdf},
  note = {Substantially extended version of \cite{Walter2010a}. \url{http://epub.ub.uni-muenchen.de/11050/1/tr069.pdf}},
}

@INCOLLECTION{Walter2010a,
  author = {Gero Walter and Thomas Augustin},
  editor = {Thomas Kneib and Gerhard Tutz},
  year = 2010,
  title = {{B}ayesian linear regression --- different conjugate models and their (in)sensitivity to prior-data conflict},
  booktitle = {Statistical Modelling and Regression Structures},
  series = {Festschrift in Honour of Ludwig Fahrmeir},
  pages = {59--78},
  publisher = {Springer},
  isbn = {978-3-7908-2412-4},
  url = {http://www.springerlink.com/content/ut13855471268053/},
}

@INPROCEEDINGS{Walter2011a,
  author = {Gero Walter and Thomas Augustin and Frank P.A. Coolen},
  editor = {Frank P.A. Coolen and Gert de Cooman and Thomas Fetz and Michael Oberguggenberger},
  year = 2011,
  title = {On Prior-Data Conflict in Predictive Bernoulli Inferences},
  booktitle = {ISIPTA'11: Proceedings of the Seventh International Symposium on
              Imprecise Probabilities: Theories and Applications},
  pages =     {391--400},
  publisher = {SIPTA},
  url = {http://www.sipta.org/isipta11/proceedings/046.html},
  note = {\url{http://www.sipta.org/isipta11/proceedings/046.html}},
}

@INPROCEEDINGS{Troffaes2012a,
  author = {Matthias C. M. Troffaes and Dana L. Kelly and Gero Walter},
  editor = {},
  year = 2012,
  title = {Imprecise {Dirichlet} model for common-cause failure},
  booktitle = {Proceedings of PSAM 11 \& ESREL 2012 Conference on Probabilistic Safety Assessment},
  pages =     {},
  publisher = {International Association for PSAM},
  date = {June 25-29},
  address  = {Helsinki, Finland},
}

@TECHREPORT{Walter2012b,
  author = {Gero Walter},
  year = 2012,
  title = {A Technical Note on the {Dirichlet-Multinomial} Model --- The {Dirichlet} Distribution as the Canonically Constructed Conjugate Prior},
  number = 131,
  institution = {Department of Statistics, LMU Munich},
  url = {http://epub.ub.uni-muenchen.de/14068/},
  note = {\url{http://epub.ub.uni-muenchen.de/14068/}},
}

@misc{Troffaes2013a,
    Author = {Matthias C. M. Troffaes and Gero Walter and Dana L. Kelly},
    Title = {A Robust {B}ayesian Approach to Modelling Epistemic Uncertainty in Common-Cause Failure Models},
    note = {Submitted to: Reliability Engineering \& System Safety},
    Pages = {},
    Volume = {},
    Month = {January},
    Year = {2013},
    howpublished = {Available at \url{http://arxiv.org/abs/1301.0533}},
}

@incollection{itip-statinf,
    author    = "Thomas Augustin and Gero Walter and Frank P.A. Coolen",
    title     = "Statistical Inference",
    booktitle = "Introduction to Imprecise Probabilities",
    publisher = "Wiley",
    year      = "2013",
    note      = "In preparation",
    editor    = "Frank P.A. Coolen and Matthias C. M. Troffaes and Thomas Augustin and Gert de Cooman",
}

@incollection{itip,
    title = "Introduction to Imprecise Probabilities",
    publisher = "Wiley",
    year      = "2013",
    note      = "In preparation",
    editor    = "Frank P.A. Coolen and Matthias C. M. Troffaes and Thomas Augustin and Gert de Cooman",
}