@BOOK{1739:hume,
  title = {A treatise of human nature},
  publisher = {Everyman},
  year = {1961},
  author = {Hume, D.},
  address = {London, UK}}

@book{1993:karr,
    Address = {New York},
    Author = {Karr, A.},
    Publisher = {Springer},
    Title = {Probability},
    Year = {1993}}

@book{2000:bernardosmith,
    Title = {Bayesian Theory},
    Author = {Bernardo, J.-M. and Smith, A.},
    Publisher = {Wiley},
    Address = {Chichester},
    Year = {2000}}

@article{1987:gillies,
    Author = {Gillies, D.},
    Doi = {10.1016/0315-0860(87)90065-6},
    Journal = {Historia Mathematica},
    Pages = {325--346},
    Title = {Was {B}ayes a {B}ayesian?},
    Volume = {14},
    Year = {1987},
    Bdsk-Url-1 = {http://dx.doi.org/10.1016/0315-0860(87)90065-6}}

@book{2000:gillies,
    Address = {New York},
    Author = {D. Gillies},
    Publisher = {Routledge},
    Title = {Philosophical Theories of Probability},
    Year = {2000}}

@book{1968:breiman,
    Address = {Reading, Mass},
    Author = {Breiman, L.},
    Publisher = {Addison-Wesley},
    Title = {Probability},
    Year = {1968}}

@book{2002:casella,
  title={Statistical inference},
  author={Casella, G. and Berger, R.L.},
  isbn={9780534243128},
  lccn={89027287},
  series={Duxbury advanced series in statistics and decision sciences},
  year={2002},
  publisher={Thomson Learning}}

@inproceedings{2005:quaeghebeurcooman,
    Address = {Manno},
    Author = {Quaeghebeur, E. and de Cooman, G.},
    Booktitle = {ISIPTA '05. Proceedings of the Fourth International Symposium on Imprecise Probabilities and Their Applications},
    Editor = {Cozman, F. and Nau, R. and Seidenfeld, T.},
    Pages = {287--296},
    Publisher = {SIPTA},
    Title = {Imprecise probability models for inference in exponential families},
    Year = {2005}}

@inproceedings{2005:quaeghebeurcooman-short,
    Address = {Manno},
    Author = {Quaeghebeur, E. and de Cooman, G.},
    Booktitle = {ISIPTA '05},
    Editor = {Cozman, F. and Nau, R. and Seidenfeld, T.},
    Pages = {287--296},
    Publisher = {SIPTA},
    Title = {Imprecise probability models for inference in exponential families},
    Year = {2005}}

@book{1991:walley,
  author = {Peter Walley},
  title = {Statistical Reasoning with Imprecise Probabilities},
  publisher = {Chapman and Hall},
  address = {London},
  ISBN={0-412-28660-2},
  year = {1991},
}

@article{1996:walley::idm,
  author = {Peter Walley},
  title = {Inferences from multinomial data: Learning about a bag of marbles},
  journal = {Journal of the Royal Statistical Society, Series B},
  year = {1996},
  volume = {58},
  number = {1},
  pages = {3--34}
}

@article{2006:evans,
    Author = {M. Evans and H. Moshonov},
    Journal = {Bayesian Analysis},
    Pages = {893--914},
    Title = {Checking for Prior-Data Conflict},
    Volume = {1},
    Year = {2006},
}

@ARTICLE{2009:hampel,
  author = {Hampel, F.},
  title = {Nonadditive Probabilities in Statistics},
  journal = {Journal of Statistical Theory and Practice},
  year = {2009},
  volume = {3},
  pages = {11-23},
}

@BOOK{2001:weichselberger,
  title = {{Elementare Grundbegriffe einer allgemeineren Wahrscheinlichkeitsrechnung
  I: Intervallwahrscheinlichkeit als umfassendes Konzept}},
  publisher = {Physica, Heidelberg},
  year = {2001},
  author = {Weichselberger, K.}
}

@ARTICLE{2000:walley::towards,
  author = {Walley, P.},
  title = {Towards a unified theory of imprecise probability},
  journal = {International Journal of Approximate Reasoning},
  year = {2000},
  volume = {24},
  pages = {125--148}
}
